<?xml version="1.0" encoding="UTF-8"?>
<collection xmlns:xsi="http://www.w3.org/2001/XMLSchema-instance" xsi:schemaLocation="http://www.loc.gov/MARC21/slim http://www.loc.gov/standards/marcxml/schema/MARC21slim.xsd" xmlns="http://www.loc.gov/MARC21/slim">
<record>
  <leader>01359cam a2200253 a 4500</leader>
  <controlfield tag="001">6771164</controlfield>
  <controlfield tag="003">NNC</controlfield>
  <controlfield tag="005">20160718182720.0</controlfield>
  <controlfield tag="008">000413m19001999ua            000 0 arard</controlfield>
  <datafield tag="035" ind1=" " ind2=" ">
    <subfield code="a">(OCoLC)ocm43847094</subfield>
  </datafield>
  <datafield tag="035" ind1=" " ind2=" ">
    <subfield code="a">(NNC)6771164</subfield>
  </datafield>
  <datafield tag="040" ind1=" " ind2=" ">
    <subfield code="a">IUL</subfield>
    <subfield code="c">IUL</subfield>
    <subfield code="d">OCLCG</subfield>
  </datafield>
  <datafield tag="050" ind1=" " ind2="4">
    <subfield code="a">BS2430</subfield>
    <subfield code="b">.E373</subfield>
  </datafield>
  <datafield tag="066" ind1=" " ind2=" ">
    <subfield code="c">(3</subfield>
    <subfield code="c">(4</subfield>
  </datafield>
  <datafield tag="100" ind1="1" ind2=" ">
    <subfield code="6">880-01</subfield>
    <subfield code="a">Elder, Earl Edgar,</subfield>
    <subfield code="d">1887-</subfield>
  </datafield>
  <datafield tag="245" ind1="1" ind2="3">
    <subfield code="6">880-02</subfield>
    <subfield code="a">al-Majhūlūn fī al-Kitāb :</subfield>
    <subfield code="b">sīrah mukhtaṣarah li-baʻḍ al-shakhṣīyāt al-majhūlah fī al-Injīl al-Karīm /</subfield>
    <subfield code="c">taʾlīf Ildir ; naqalahā ilá al-ʻArabīyah Ḥabīb Saʻīd.</subfield>
  </datafield>
  <datafield tag="260" ind1=" " ind2=" ">
    <subfield code="6">880-03</subfield>
    <subfield code="a">Miṣr :</subfield>
    <subfield code="b">Idārat al-Taʾlīf wa-al-Nashr lil-Kanīsah al-Usqufīyah,</subfield>
    <subfield code="c">[1954]</subfield>
    <subfield code="e">([Miṣr] :</subfield>
    <subfield code="f">Maṭbaʻat al-Nīl al-Masīḥīyah)</subfield>
  </datafield>
  <datafield tag="300" ind1=" " ind2=" ">
    <subfield code="a">128 p ;</subfield>
    <subfield code="c">20 cm.</subfield>
  </datafield>
  <datafield tag="650" ind1=" " ind2="0">
    <subfield code="a">Evangelists.</subfield>
  </datafield>
  <datafield tag="700" ind1="1" ind2=" ">
    <subfield code="a">Saʻīd, Ḥabīb.</subfield>
  </datafield>
  <datafield tag="880" ind1="1" ind2=" ">
    <subfield code="6">100-01/(3/r</subfield>
    <subfield code="a">إلدر، أرل إدغر،</subfield>
    <subfield code="d">1887-</subfield>
  </datafield>
  <datafield tag="880" ind1="1" ind2="2">
    <subfield code="6">245-02/(3/r</subfield>
    <subfield code="a">المجهولون في الكتاب :</subfield>
    <subfield code="b">سيرة مختصرة لبعض الشخصيات المجهولة في الإنجيل الكريم /</subfield>
    <subfield code="c">تأليف إلدر ؛ نقلها إلى العربية حبيب سعيد.</subfield>
  </datafield>
  <datafield tag="880" ind1=" " ind2=" ">
    <subfield code="6">260-03/(3/r</subfield>
    <subfield code="a">مصر :</subfield>
    <subfield code="b">إدارة التأليف والنشر للكنيسة الأسقفية،</subfield>
    <subfield code="c">[19--]</subfield>
    <subfield code="e">([مصر] :</subfield>
    <subfield code="f">مطبعة النيل المسيحية)</subfield>
  </datafield>
  <datafield tag="955" ind1=" " ind2=" ">
    <subfield code="b">CU02398451</subfield>
    <subfield code="d">off,uts</subfield>
    <subfield code="e">Burke Arabic</subfield>
  </datafield>
</record>
</collection>